@misc{FilmicWorlds,
    author = {Hillaire, Pascal},
    title = {Visibility Buffer Rendering with Material Graphs},
    howpublished = {\url{http://filmicworlds.com/blog/visibility-buffer-rendering-with-material-graphs/}},
    note = {Accessed: 2024-11-05}
}

@inproceedings{Karis2021Nanite,
    author = {Karis, Brian},
    title = {Nanite: Towards Real-Time Massive Model Visualization},
    booktitle = {SIGGRAPH Advances},
    year = {2021},
    note = {\url{https://advances.realtimerendering.com/s2021/Karis_Nanite_SIGGRAPH_Advances_2021_final.pdf}}
}

@misc{LearnOpenGLDeferred,
    author = {Joey de Vries},
    title = {Deferred Shading},
    howpublished = {\url{https://learnopengl.com/Advanced-Lighting/Deferred-Shading}},
    note = {Accessed: 2024-11-05}
}

@misc{LearnOpenGLSSAO,
    author = {Joey de Vries},
    title = {SSAO},
    howpublished = {\url{https://learnopengl.com/Advanced-Lighting/SSAO}},
    note = {Accessed: 2024-11-05}
}
